

@misc{ wiki:caracterizacion,
       author = "Wikipedia",
       title = "Caracterizaci√≥n de grafos --- Wikipedia{,} La enciclopedia libre",
       year = "2018",
       url = "https://es.wikipedia.org/wiki/Teor%C3%ADa_de_grafos#Caracterizaci%C3%B3n_de_grafos",
       note = "[Internet; descargado 12-mayo-2019]"
}

@misc{ wiki:pagerank,
       author = "Wikipedia",
       title = "Pagerank --- Wikipedia{,} La enciclopedia libre",
       year = "2019",
       url = "https://es.wikipedia.org/wiki/PageRank",
       note = "[Internet; descargado 12-junio-2019]"
}

@misc{ wiki:modularity,
       author = "Wikipedia",
       title = "Modularity --- Wikipedia{,} La enciclopedia libre",
       year = "2019",
       url = "https://en.wikipedia.org/wiki/Modularity_(networks)",
       note = "[Internet; descargado 12-junio-2019]"
}


@misc{ wiki:clustering,
       author = "Wikipedia",
       title = "Cluster --- Wikipedia{,} La enciclopedia libre",
       year = "2019",
       url = "https://en.wikipedia.org/wiki/Cluster_analysis",
       note = "[Internet; descargado 12-junio-2019]"
}


@misc{ wiki:clusteringAlgorithms,
       author = "Wikipedia",
       title = "Cluster Algorithms --- Wikipedia{,} La enciclopedia libre",
       year = "2018",
       url = "https://en.wikipedia.org/wiki/Cluster_analysis#Algorithms",
       note = "[Internet; descargado 10-junio-2019]"
}


@misc{ wiki:scrum,
       author = "Wikipedia",
       title = "scrum --- Wikipedia{,} La enciclopedia libre",
       year = "2019",
       url = "https://es.wikipedia.org/wiki/Scrum_(desarrollo_de_software)",
       note = "[Internet; descargado 13-junio-2019]"
}

@misc{ python,
       author = "Python",
       title = "Pagina oficial de Python",
       year = "2019",
       url = "https://www.python.org/",
       note = "[Internet; descargado 16-junio-2019]"
}

@misc{ flask,
       author = "Flask",
       title = "Pagina oficial de Flask",
       year = "2019",
       url = "http://flask.pocoo.org/",
       note = "[Internet; descargado 09-junio-2019]"
}


@misc{ wiki:HTML,
       author = "Html",
       title = "HTML --- Wikipedia{,} La enciclopedia libre",
       year = "2019",
       url = "https://en.wikipedia.org/wiki/HTML",
       note = "[Internet; descargado 29-mayo-2019]"
}


@misc{ wiki:JSON,
       author = "Json",
       title = "JSON --- Wikipedia{,} La enciclopedia libre",
       year = "2019",
       url = "https://en.wikipedia.org/wiki/JSON",
       note = "[Internet; descargado 01-mayo-2019]"
}

@misc{ mysql,
       author = "Oracle",
       title = "Pagina oficial de Mysql - Oracle",
       year = "2018",
       url = "https://www.oracle.com/mysql/",
       note = "[Internet; descargado 03-mayo-2019]"
}

@misc{ latex,
       author = "Latex Project",
       title = "Pagina oficial del proyecto Latex",
       year = "2018",
       url = "https://www.latex-project.org/",
       note = "[Internet; descargado 04-junio-2019]"
}


@misc{ Texmaker,
       author = "Texmaker",
       title = "Pagina oficial del Software Texmaker",
       year = "2019",
       url = "https://www.xm1math.net/texmaker/",
       note = "[Internet; descargado 20-junio-2019]"
}


@misc{ networkx,
       author = "Networkx",
       title = "Pagina oficial de Networkx",
       year = "2017",
       url = "https://networkx.github.io/",
       note = "[Internet; descargado 15-mayo-2019]"
}
@misc{ girvan-newman,
       author = "Mehak Mohammad",
       title = "Medium",
       year = "2018",
       url = "https://medium.com/@96mehakmohammad/community-detection-in-social-networks-through-girvan-newman-algorithm-78f303912907/",
       
}
@misc{ wiki:louvain,
       author = "Wikipedia",
       title = "Louvain --- Wikipedia {,} La enciclopedia libre",
       year = "2019",
       url = "https://en.wikipedia.org/wiki/Louvain_modularity",
       note = "[Internet; descargado 07-junio-2019]"
}


@article{blondel,
  title={Fast unfolding of communities in large networks},
  author={Blondel, V.D., Guillaume, J., Lambiotte, R. \& Lefebvre, E.},
  journal={	Journal of Statistical Mechanics: Theory and Experiment, 10. },
  publisher={Bristol: IOP Publishing Ltd.}
}



