@book{koza92,
		author    = "Koza, John R.",
		title     = "Genetic Programming: On the Programming of Computers by Means of Natural Selection",
		publisher = "MIT Press",
		year      = "1992"
}


@misc{ wiki:latex,
       author = "Wikipedia",
       title = "LaTeX --- Wikipedia{,} La enciclopedia libre",
       year = "2015",
       url = "https://es.wikipedia.org/w/index.php?title=LaTeX&oldid=84209252",
       note = "[Internet; descargado 30-septiembre-2015]"
}

@misc{ pycharm,
       author = "jetbrains",
       title = "Web oficial de PyCharm",
       year = "2019",
       url = "https://www.jetbrains.com/pycharm/",
       note = "[Internet; descargado 07-junio-2019]"
}

@misc{ python,
       author = "Python",
       title = "Pagina oficial de Python",
       year = "2019",
       url = "https://www.python.org/",
       note = "[Internet; descargado 16-junio-2019]"
}



@misc{ git-API-python,
       author = "LevPasha",
       title = "Repositorio de la API para python",
       year = "2019",
       url = "https://github.com/LevPasha/Instagram-API-python",
       note = "[Internet; descargado 16-junio-2019]"
}


@misc{ python-louvain,
       author = "Blondel",
       title = "Manual python-Louvain",
       year = "2019",
       url = "https://python-louvain.readthedocs.io/en/latest/",
       note = "[Internet; descargado 01-mayo-2019]"
}

@misc{ networkx,
       author = "NetworkX Developers",
       title = "Pagina oficial de Networkx",
       year = "2018",
       url = "https://networkx.github.io/",
       note = "[Internet; descargado 03-mayo-2019]"
}